@article{ohno2014practical,
  title={Practical use and calculation of CCT and Duv},
  author={Ohno, Yoshi},
  journal={Leukos},
  volume={10},
  number={1},
  pages={47--55},
  year={2014},
  publisher={Taylor \& Francis}
}

@article{durmus2021correlated,
  title={Correlated color temperature: Use and limitations},
  author={Durmus, D},
  journal={Lighting Research \& Technology},
  pages={14771535211034330},
  year={2021},
  publisher={SAGE Publications Sage UK: London, England}
}
@article{zhang2019high,
  title={High-accuracy method for calculating correlated color temperature with a lookup table based on golden section search},
  author={Zhang, Fuzheng},
  journal={Optik},
  volume={193},
  pages={163018},
  year={2019},
  publisher={Elsevier}
}
@Article{	  abe1991,
  author	= {Abe, Masato and Ikeda, Hiroaki and Higaki, Yasuhiko and
		  Nakamichi, Matsuroh},
  year		= {1991},
  month		= {03},
  pages		= {28 - 33},
  title		= {A Method to Estimate Correlated Color Temperatures of
		  Illuminants Using a Color Video Camera},
  volume	= {40},
  journal	= {Instrumentation and Measurement, IEEE Transactions on},
  doi		= {10.1109/19.69944}
}

@InBook{	  abelson1996sicp,
  author	= {Abelson, Harold and Sussman, Gerald Jay and
		  {with~Julie~Sussman}},
  biburl	= {https://www.bibsonomy.org/bibtex/211f37613ed3a6705eca058670186d406/gron},
  edition	= {2nd~Editon},
  isbn		= {0-262-01153-0},
  publisher	= {MIT Press/McGraw-Hill},
  timestamp	= {2012-12-17T22:51:51.000+0100},
  title		= {Structure and Interpretation of Computer Programs},
  pages		= {xxii},
  year		= {1996}
}

@Misc{		  activestate2019survey,
  author	= {{Active State authors}},
  note		= {[Online; accessed 06-04-2022]},
  title		= {Developer Survey 2019},
  url		= {https://www.activestate.com/resources/white-papers/developer-survey-2019-open-source-runtime-pains/},
  year		= {2019}
}

@Article{	  algvere2006age,
  title		= {Age-related maculopathy and the impact of blue light
		  hazard},
  author	= {Algvere, Peep V and Marshall, John and Seregard, Stefan},
  journal	= {Acta Ophthalmologica Scandinavica},
  volume	= {84},
  number	= {1},
  pages		= {4--15},
  year		= {2006},
  publisher	= {Wiley Online Library},
  doi		= {10.1111/j.1600-0420.2005.00627.x}
}

@Article{	  alim2016transient,
  title		= {Transient Smartphone" Blindness"},
  author	= {Alim-Marvasti, Ali and Bi, Wei and Mahroo, Omar A and
		  Barbur, John L and Plant, Gordon T},
  journal	= {The New England journal of medicine},
  volume	= {374},
  number	= {25},
  pages		= {2502--2504},
  year		= {2016},
  publisher	= {Massachusetts Medical Society}
}

@Article{	  almeida2010,
  author	= {Almeida, Eduardo and Di Mascio, Paolo and Harumi, Tatsuo
		  and Spence, D. and Moscovitch, Adam and Hardeland, Rüdiger
		  and Cardinali, Daniel and Brown, Gregory and Pandi-Perumal,
		  Seithikurippu R.},
  year		= {2010},
  month		= {11},
  pages		= {879-91},
  title		= {Measurement of melatonin in body fluids: Standards,
		  protocols and procedures},
  volume	= {27},
  journal	= {Child's nervous system : ChNS : official journal of the
		  International Society for Pediatric Neurosurgery},
  doi		= {10.1007/s00381-010-1278-8}
}

@Article{	  alves2008,
  author	= {Alves, Monica and Dias, Ana and Rocha, Eduardo},
  year		= {2008},
  month		= {02},
  pages		= {44-51},
  title		= {Dry Eye in Childhood: Epidemiological and Clinical
		  Aspects},
  volume	= {6},
  journal	= {The ocular surface},
  doi		= {10.1016/S1542-0124(12)70104-0}
}

@Article{	  andres1999,
  author	= {Hernández-Andrés, Javier and Lee, Raymond and Romero,
		  Javier},
  year		= {1999},
  month		= {10},
  pages		= {5703-9},
  title		= {Calculating Correlated Color Temperatures Across the
		  Entire Gamut of Daylight and Skylight Chromaticities},
  volume	= {38},
  journal	= {Applied optics},
  doi		= {10.1364/AO.38.005703}
}

@Article{	  anshel2007,
  author	= {Anshel, Jeffrey},
  year		= {2007},
  month		= {11},
  pages		= {414-20; quiz 421},
  title		= {Visual Ergonomics in the Workplace},
  volume	= {55},
  journal	= {AAOHN journal : official journal of the American
		  Association of Occupational Health Nurses},
  doi		= {10.1177/216507990705501004}
}

@Article{	  arendt2006,
  author	= {Arendt, Josephine},
  year		= {2006},
  month		= {02},
  pages		= {21-37},
  title		= {Melatonin and Human Rhythms},
  volume	= {23},
  journal	= {Chronobiology international},
  doi		= {10.1080/07420520500464361}
}

@Article{	  aube2013,
  author	= {Aubé, Martin and Roby, Johanne and Kocifaj, Miroslav},
  year		= {2013},
  month		= {07},
  pages		= {e67798},
  title		= {Evaluating Potential Spectral Impacts of Various
		  Artificial Lights on Melatonin Suppression, Photosynthesis,
		  and Star Visibility},
  volume	= {8},
  journal	= {PloS one},
  doi		= {10.1371/journal.pone.0067798}
}

@Article{	  aube2020,
  author	= {Aubé, Martin and Marseille, Charles and Farkouh, Ammar
		  and Dufour, Adam and Simoneau, Alexandre and Zamorano,
		  Jaime and Roby, Johanne and Tapia Ayuga, Carlos Eugenio},
  year		= {2020},
  month		= {11},
  pages		= {},
  title		= {Mapping the Melatonin Suppression, Star Light and Induced
		  Photosynthesis Indices with the LANcube},
  journal	= {Remote Sens.},
  doi		= {10.20944/preprints202011.0347.v1}
}

@InProceedings{	  aziz2018,
  author	= {Aziz, Azmil and Hidayattuloh, Muhammad},
  year		= {2018},
  month		= {01},
  pages		= {},
  title		= {Designing Campaign of Blue Light Hazard for Teenager in
		  Bandung},
  booktitle	= {4th Bandung Creative Movement International Conference on
		  Creative Industries 2017 (4th BCM 2017)},
  doi		= {10.2991/bcm-17.2018.40}
}

@Misc{		  bauer1980improving,
  title		= {Improving the legibility of visual display units through
		  contrast reversal, In" Ergonomic Aspects of Visual Display
		  Terminals"},
  author	= {Bauer, D and Cavonius, CR},
  year		= {1980},
  publisher	= {Taylor \& Francis, London}
}

@Misc{		  bdf2022reference,
  author	= {{Adobe ®}},
  edition	= {2.2},
  note		= {[Online; accessed 06-04-2022]},
  title		= {Adobe Glyph Bitmap Distribution Format (BDF)
		  Specification},
  url		= {https://www.adobe.com/content/dam/Adobe/en/devnet/font/pdfs/5005.BDF_Spec.pdf},
  year		= {2022}
}

@Article{	  bedrosian2011dim,
  title		= {Dim light at night provokes depression-like behaviors and
		  reduces CA1 dendritic spine density in female hamsters},
  author	= {Bedrosian, Tracy A and Fonken, Laura K and Walton, James C
		  and Haim, Abraham and Nelson, Randy J},
  journal	= {Psychoneuroendocrinology},
  volume	= {36},
  number	= {7},
  pages		= {1062--1069},
  year		= {2011},
  publisher	= {Elsevier}
}

@Article{	  benloucif2005,
  author	= {Benloucif, Susan and Guico, M and Reid, Kathryn and Wolfe,
		  L and L'Hermite, Marc and Zee, Phyllis},
  year		= {2005},
  month		= {05},
  pages		= {178-88},
  title		= {Stability of Melatonin and Temperature as Circadian Phase
		  Markers and Their Relation to Sleep Times in Humans},
  volume	= {20},
  journal	= {Journal of biological rhythms},
  doi		= {10.1177/0748730404273983}
}

@InCollection{	  bisong2019google,
  title		= {Google colaboratory},
  author	= {Bisong, Ekaba},
  booktitle	= {Building Machine Learning and Deep Learning Models on
		  Google Cloud Platform},
  pages		= {59--64},
  year		= {2019},
  publisher	= {Springer}
}

@Article{	  blask2005melatonin,
  title		= {Melatonin-depleted blood from premenopausal women exposed
		  to light at night stimulates growth of human breast cancer
		  xenografts in nude rats},
  author	= {Blask, David E and Brainard, George C and Dauchy, Robert T
		  and Hanifin, John P and Davidson, Leslie K and Krause, Jean
		  A and Sauer, Leonard A and Rivera-Bermudez, Moises A and
		  Dubocovich, Margarita L and Jasser, Samar A and others},
  journal	= {Cancer research},
  volume	= {65},
  number	= {23},
  pages		= {11174--11184},
  year		= {2005},
  publisher	= {AACR}
}

@Article{	  blehm2005,
  author	= {Blehm, Clayton and Vishnu, Seema and Khattak, Ashbala and
		  Mitra, Shrabanee and Yee, Richard},
  year		= {2005},
  month		= {05},
  pages		= {253-62},
  title		= {Computer Vision Syndrome: A Review},
  volume	= {50},
  journal	= {Survey of ophthalmology},
  doi		= {10.1016/j.survophthal.2005.02.008}
}

@Article{	  bommel2006,
  author	= {van Bommel, Wout},
  year		= {2006},
  month		= {08},
  pages		= {461-6},
  title		= {Non-visual biological effect of lighting and the practical
		  meaning for lighting for work},
  volume	= {37},
  journal	= {Applied ergonomics},
  doi		= {10.1016/j.apergo.2006.04.009}
}

@Article{	  brainard2001,
  author	= {Brainard, George and Hanifin, John and Greeson, Jeffrey
		  and Byrne, Brenda and Glickman, Gena and Gerner, Edward and
		  Rollag, Mark},
  year		= {2001},
  month		= {09},
  pages		= {6405-12},
  title		= {Action Spectrum for Melatonin Regulation in Humans:
		  Evidence for a Novel Circadian Photoreceptor},
  volume	= {21},
  journal	= {The Journal of neuroscience : the official journal of the
		  Society for Neuroscience},
  doi		= {10.1523/JNEUROSCI.21-16-06405.2001}
}

@Article{	  brinkley2011,
  author	= {Brinkley, Stuart and Pfaff, Nathan and Denault, Kristin
		  and Zhang, Zhi-Jun and Hintzen, Hubertus and Seshadri, Ram
		  and Nakamura, Shuji and Denbaars, Steven},
  year		= {2011},
  month		= {12},
  pages		= {241106},
  title		= {Robust Thermal Performance of Sr2Si5N8:Eu2+: An Efficient
		  Red Emitting Phosphor for Light Emitting Diode Based White
		  Lighting},
  volume	= {99},
  journal	= {Applied Physics Letters},
  doi		= {10.1063/1.3666785}
}

@Article{	  bron2014,
  author	= {Bron, Anthony and Tomlinson, Alan and Foulks, Gary and
		  Pepose, Jay and Baudouin, Christophe and Geerling, G. and
		  Nichols, Kelly and Lemp, Michael},
  year		= {2014},
  month		= {04},
  pages		= {},
  title		= {Rethinking Dry Eye Disease: A Perspective on Clinical
		  Implications},
  volume	= {12},
  journal	= {The Ocular Surface},
  doi		= {10.1016/j.jtos.2014.02.002}
}

@Article{	  brown1951,
  author	= {Brown, W},
  year		= {1951},
  month		= {11},
  pages		= {684-8},
  title		= {The Influence of Luminance Level on Visual Sensitivity to
		  Color Differences},
  volume	= {41},
  journal	= {Journal of the Optical Society of America},
  doi		= {10.1364/JOSA.41.000684}
}

@Article{	  cajochen2005high,
  title		= {High sensitivity of human melatonin, alertness,
		  thermoregulation, and heart rate to short wavelength
		  light},
  author	= {Cajochen, Christian and Munch, Mirjam and Kobialka, Szymon
		  and Krauchi, Kurt and Steiner, Roland and Oelhafen, Peter
		  and Orgul, Selim and Wirz-Justice, Anna},
  journal	= {The journal of clinical endocrinology \& metabolism},
  volume	= {90},
  number	= {3},
  pages		= {1311--1316},
  year		= {2005},
  publisher	= {Oxford University Press}
}

@Article{	  cajochen2007alerting,
  title		= {Alerting effects of light},
  author	= {Cajochen, Christian},
  journal	= {Sleep medicine reviews},
  volume	= {11},
  number	= {6},
  pages		= {453--464},
  year		= {2007},
  publisher	= {Elsevier}
}

@Article{	  cajochen2011,
  author	= {Cajochen, Christian and Frey, Silvia and Anders, Doreen
		  and Späti, Jakub and Bues, Matthias and Pross, Achim and
		  Mager, Ralph and Wirz-Justice, Anna and Stefani, Oliver},
  year		= {2011},
  month		= {03},
  pages		= {1432-8},
  title		= {Evening exposure to a light-emitting diodes (LED)-backlit
		  computer screen affects circadian physiology and cognitive
		  performance},
  volume	= {110},
  journal	= {Journal of applied physiology (Bethesda, Md. : 1985)},
  doi		= {10.1152/japplphysiol.00165.2011}
}

@Article{	  cardona2011,
  author	= {Cardona, Genís and García, Carles and Serés, Carme and
		  Vilaseca, Meritxell and Gispets, Joan},
  year		= {2011},
  month		= {03},
  pages		= {190-7},
  title		= {Blink Rate, Blink Amplitude, and Tear Film Integrity
		  during Dynamic Visual Display Terminal Tasks},
  volume	= {36},
  journal	= {Current eye research},
  doi		= {10.3109/02713683.2010.544442}
}

@InProceedings{	  cartanya2021smartphone,
  title		= {Smartphone and tablet usage during COVID-19 pandemic
		  confinement in children under 48 months in Barcelona
		  (Spain)},
  author	= {Cartany{\`a}-Hueso, {\`A}urea and Lid{\'o}n-Moyano,
		  Cristina and Cassanello, Pia and D{\'\i}ez-Izquierdo, Ana
		  and Mart{\'\i}n-S{\'a}nchez, Juan Carlos and Balaguer,
		  Albert and Mart{\'\i}nez-S{\'a}nchez, Jose M},
  booktitle	= {Healthcare},
  volume	= {9-1},
  pages		= {96},
  year		= {2021},
  organization	= {Multidisciplinary Digital Publishing Institute}
}

@Article{	  chang2014,
  author	= {Chang, Anne-Marie and Aeschbach, Daniel and Duffy, Jeanne
		  and Czeisler, Charles},
  year		= {2014},
  month		= {12},
  pages		= {},
  title		= {Evening use of light-emitting eReaders negatively affects
		  sleep, circadian timing, and next-morning alertness},
  volume	= {112},
  journal	= {Proceedings of the National Academy of Sciences of the
		  United States of America},
  doi		= {10.1073/pnas.1418490112}
}

@Misc{		  cie_colorimetry1986,
  key		= "CIE",
  title		= "Colorimetry, C. CIE Publication No. 15.2; Vienna, Austria",
  publisher	= "International Commission on Illumination (CIE).",
  pages		= "19-20",
  year		= "1986"
}

@Misc{		  cie_colour_rendering1995,
  key		= "CIE",
  publisher	= "International Commission on Illumination (CIE).",
  title		= "Method of measuring and specifying colour rendering
		  properties of light sources, CIE Publication 13.3 (CIE
		  Central Bureau, Vienna, 1995)",
  year		= "1995",
  url		= "https://cie.co.at/publications/method-measuring-and-specifying-colour-rendering-properties-light-sources"
}

@Misc{		  cie_human_eye2012,
  key		= "CIE",
  publisher	= "International Commission on Illumination (CIE).",
  title		= "A Computerized Approach to Transmission and Absorption
		  Characteristics of the Human Eye, CIE 203:2012 incl.
		  Erratum 1: Vienna, Austria",
  year		= "2012",
  url		= "http://cie.co.at/publications/computerized-approach-transmission-and-absorption-characteristics-human-eye"
}

@Misc{		  clark2015pillow,
  title		= {Pillow (PIL Fork) Documentation},
  author	= {Clark, Alex},
  year		= {2015},
  publisher	= {readthedocs},
  url		= {https://buildmedia.readthedocs.org/media/pdf/pillow/latest/pillow.pdf}
}

@Article{	  cohen2011,
  author	= {Behar-Cohen, Francine and Martinsons, Christophe and
		  Viénot, Françoise and Zissis, Georges and Barlier-Salsi,
		  Annick and Cesarini, J and Enouf, O and Garcia, M and
		  Picaud, Serge and Attia, Dina},
  year		= {2011},
  month		= {07},
  pages		= {239-57},
  title		= {Light-emitting diodes (LED) for domestic lighting: Any
		  risks for the eye?},
  volume	= {30},
  journal	= {Progress in retinal and eye research},
  doi		= {10.1016/j.preteyeres.2011.04.002}
}

@Misc{		  colour-science,
  key		= "Colour Science",
  title		= "Colour Science for Python",
  author	= "",
  url		= "https://github.com/colour-science/colour",
  urldate	= "2021-10-11",
  year		= "2021"
}

@Misc{		  colour2022package,
  author	= {{Colour contributors}},
  note		= {[Online; accessed 06-04-2022]},
  title		= {Colour Science},
  url		= {https://www.colour-science.org/},
  year		= {2022}
}

@Article{	  conlon1998,
  author	= {Conlon, Elizabeth and Lovegrove, William and Hine, Trevor
		  and Chekaluk, Eugene and Piatek, Kerry and Hayes-Williams,
		  Kerrie},
  year		= {1998},
  month		= {02},
  pages		= {21-33},
  title		= {The Effects of Visual Discomfort and Pattern Structure on
		  Visual Search},
  volume	= {27},
  journal	= {Perception},
  doi		= {10.1068/p270021}
}

@Article{	  council2013children,
  title		= {Children, adolescents, and the media},
  author	= {Council on Communications and Media},
  journal	= {Pediatrics},
  volume	= {132},
  number	= {5},
  pages		= {958--961},
  year		= {2013},
  publisher	= {Am Acad Pediatrics}
}

@Misc{		  coyier2013poll,
  author	= {Chris Coyier},
  note		= {[Online; accessed 06-04-2022]},
  title		= {Poll Results: Light-on-Dark is Preferred},
  url		= {https://css-tricks.com/poll-results-light-on-dark-is-preferred/},
  year		= {2013}
}

@Article{	  datsi2022digit,
  title		= {Digit recognition using decimal coding and artificial
		  neural network},
  author	= {DATSI, Toufik},
  journal	= {Kuwait Journal of Science},
  volume	= {49},
  number	= {1},
  year		= {2022}
}

@Misc{		  davis2020correlated,
  title		= {Correlated Color Temperature Isotherms},
  author	= {Davis, Glenn},
  year		= {2020},
  journal	= {Doc}
}

@Article{	  deitelhoff2020using,
  title		= {Using Eye-Tracking to Evaluate Program Comprehension},
  author	= {DEITELHOFF, Fabian and HARRER, Andreas and DER, Benedikt
		  SCHR{\"O} and HOPPE, H Ulrich and KIENLE, Andrea},
  journal	= {CoolThink@ JC},
  pages		= {140},
  year		= {2020}
}

@Article{	  domingues2017clinical,
  title		= {Clinical and psychological effects of excessive screen
		  time on children},
  author	= {Domingues-Montanari, Sophie},
  journal	= {Journal of paediatrics and child health},
  volume	= {53},
  number	= {4},
  pages		= {333--338},
  year		= {2017},
  publisher	= {Wiley Online Library}
}

@Misc{		  draculatheme2022github,
  author	= {{Dracula Theme authors}},
  note		= {[Online; accessed 06-04-2022]},
  title		= {Dracula Theme Github Source Repository},
  url		= {https://github.com/dracula/dracula-theme/},
  year		= {2022}
}

@Article{	  duffy2009,
  title		= {Effect of light on human circadian physiology},
  author	= {Duffy, Jeanne F and Czeisler, Charles A},
  journal	= {Sleep medicine clinics},
  volume	= {4},
  number	= {2},
  pages		= {165--177},
  year		= {2009},
  publisher	= {Elsevier}
}

@Article{	  duncan1985diurnal,
  title		= {The diurnal susceptibility of rat retinal photoreceptors
		  to light-induced damage},
  author	= {Duncan, Thane E and O'Steen, W Keith},
  journal	= {Experimental eye research},
  volume	= {41},
  number	= {4},
  pages		= {497--507},
  year		= {1985},
  publisher	= {Elsevier}
}

@Misc{		  eisfeld2020rise,
  title		= {The rise of dark mode: A qualitative study of an emerging
		  user interface design trend},
  author	= {Eisfeld, Henriette and Kristallovich, Felix},
  year		= {2020}
}

@Article{	  falchi2011,
  author	= {Falchi, Fabio and Cinzano, Pierantonio and Elvidge,
		  Christopher and Keith, David and Haim, Abraham},
  year		= {2011},
  month		= {10},
  pages		= {2714-22},
  title		= {Limiting the Impact of Light Pollution on Human Health,
		  Environment and Stellar Visibility},
  volume	= {92},
  journal	= {Journal of environmental management},
  doi		= {10.1016/j.jenvman.2011.06.029}
}

@InProceedings{	  fang2016,
  author	= {Fang, Wenqing and Fang, Kaiqi and Zheng, Yuehui and Mo,
		  Chunlan and Yang, Chaopu and Zheng, Changda and Xiong,
		  Chuangbing},
  year		= {2016},
  month		= {11},
  pages		= {104-107},
  title		= {Will the blue light at night in lamp and screen destroy
		  East Asians?},
  booktitle	= {2016 13th China International Forum on Solid State
		  Lighting (SSLChina)},
  doi		= {10.1109/SSLCHINA.2016.7804362}
}

@Misc{		  fenske2017gem,
  author	= {{Markus Fenske}},
  note		= {[Online; accessed 06-04-2022]},
  title		= {Ruby ruby-bitmap-fonts library},
  url		= {https://rubygems.org/gems/ruby-bitmap-fonts},
  year		= {2017}
}

@Article{	  figueiro2011,
  author	= {Figueiro, Mariana and Wood, Brittany and Plitnick, Barbara
		  and Rea, Mark},
  year		= {2011},
  month		= {04},
  pages		= {158-63},
  title		= {The impact of light from computer monitors on melatonin
		  levels in college students},
  volume	= {32},
  journal	= {Neuro endocrinology letters}
}

@Article{	  fonken2010light,
  title		= {Light at night increases body mass by shifting the time of
		  food intake},
  author	= {Fonken, Laura K and Workman, Joanna L and Walton, James C
		  and Weil, Zachary M and Morris, John S and Haim, Abraham
		  and Nelson, Randy J},
  journal	= {Proceedings of the National Academy of Sciences},
  volume	= {107},
  number	= {43},
  pages		= {18664--18669},
  year		= {2010},
  publisher	= {National Acad Sciences}
}

@Misc{		  freetype2022project,
  author	= {{FreeType developers}},
  note		= {[Online; accessed 06-04-2022]},
  title		= {The Free Type Project},
  url		= {https://freetype.org},
  year		= {2022}
}

@Article{	  gabel2017differential,
  title		= {Differential impact in young and older individuals of
		  blue-enriched white light on circadian physiology and
		  alertness during sustained wakefulness},
  author	= {Gabel, Virginie and Reichert, Carolin F and Maire,
		  Micheline and Schmidt, Christina and Schlangen, Luc JM and
		  Kolodyazhniy, Vitaliy and Garbazza, Corrado and Cajochen,
		  Christian and Viola, Antoine U},
  journal	= {Scientific reports},
  volume	= {7},
  number	= {1},
  pages		= {1--13},
  year		= {2017},
  publisher	= {Nature Publishing Group},
  doi		= {10.1038/s41598-017-07060-8}
}

@Misc{		  git2022grep,
  author	= {{Git authors}},
  note		= {[Online; accessed 10-01-2022]},
  title		= {git-grep -- Print lines matching a pattern},
  url		= {https://git-scm.com/docs/git-grep},
  year		= {2022}
}

@Misc{		  git2022homepage,
  author	= {{Git authors}},
  note		= {[Online; accessed 10-01-2022]},
  title		= {Git version control system},
  url		= {https://git-scm.com},
  year		= {2022}
}

@Misc{		  github2022gitgrep,
  author	= {{Git authors}},
  note		= {[Online; accessed 10-01-2022]},
  title		= {Git source code of grep subcommand},
  url		= {https://github.com/git/git/blob/0a6adc26e2efd2dcfb3e65407623287e08989a63/grep.c},
  year		= {2022}
}

@Misc{		  github2022gitrepo,
  author	= {{Git authors}},
  note		= {[Online; accessed 10-01-2022]},
  title		= {Git source code repository},
  url		= {https://github.com/git/git},
  year		= {2022}
}

@Article{	  glickman2006,
  author	= {Glickman, Gena and Byrne, Brenda and Pineda, Carissa and
		  Hauck, Walter and Brainard, George},
  year		= {2006},
  month		= {04},
  pages		= {502-7},
  title		= {Light Therapy for Seasonal Affective Disorder with Blue
		  Narrow-Band Light-Emitting Diodes (LEDs)},
  volume	= {59},
  journal	= {Biological psychiatry},
  doi		= {10.1016/j.biopsych.2005.07.006}
}

@Article{	  goldfield2011physical,
  title		= {Physical activity and psychological adjustment in
		  adolescents},
  author	= {Goldfield, Gary S and Henderson, Katherine and Buchholz,
		  Annick and Obeid, Nicole and Nguyen, Hien and Flament,
		  Martine F},
  journal	= {Journal of Physical Activity and Health},
  volume	= {8},
  number	= {2},
  pages		= {157--163},
  year		= {2011},
  publisher	= {Human Kinetics, Inc.}
}

@Article{	  gooley2010,
  author	= {Gooley, Joshua and Chamberlain, Kyle and Smith, Kurt and
		  Khalsa, Sat Bir and Rajaratnam, Shantha and Reen, Eliza and
		  Zeitzer, Jamie and Czeisler, Charles and Lockley, Steven},
  year		= {2010},
  month		= {12},
  pages		= {E463-72},
  title		= {Exposure to Room Light before Bedtime Suppresses Melatonin
		  Onset and Shortens Melatonin Duration in Humans},
  volume	= {96},
  journal	= {The Journal of clinical endocrinology and metabolism},
  doi		= {10.1210/jc.2010-2098}
}

@Book{		  graham2004hackers,
  title		= {Hackers \& painters: big ideas from the computer age},
  author	= {Graham, Paul},
  year		= {2004},
  publisher	= {" O'Reilly Media, Inc."}
}

@Article{	  grandner2017sleep,
  title		= {Sleep, health, and society},
  author	= {Grandner, Michael A},
  journal	= {Sleep medicine clinics},
  volume	= {12},
  number	= {1},
  pages		= {1--22},
  year		= {2017},
  publisher	= {Elsevier}
}

@Article{	  gray2014we,
  title		= {Are we driving our kids to unhealthy habits? Results of
		  the active healthy kids Canada 2013 report card on physical
		  activity for children and youth},
  author	= {Gray, Casey E and Larouche, Richard and Barnes, Joel D and
		  Colley, Rachel C and Bonne, Jennifer Cowie and Arthur, Mike
		  and Cameron, Christine and Chaput, Jean-Philippe and
		  Faulkner, Guy and Janssen, Ian and others},
  journal	= {International journal of environmental research and public
		  health},
  volume	= {11},
  number	= {6},
  pages		= {6009--6020},
  year		= {2014},
  publisher	= {Multidisciplinary Digital Publishing Institute}
}

@Article{	  griess1981additivity,
  title		= {Additivity and repair of actinic retinal lesions.},
  author	= {Griess, GA and Blankenstein, MF},
  journal	= {Investigative ophthalmology \& visual science},
  volume	= {20},
  number	= {6},
  pages		= {803--807},
  year		= {1981},
  publisher	= {The Association for Research in Vision and Ophthalmology}
}

@Article{	  haim2010effects,
  title		= {Effects of chronobiology on prostate cancer cells growth
		  in vivo},
  author	= {Haim, Abraham and Yukler, Adina and Harel, Orna and
		  Schwimmer, Hagit and Fares, Fuad},
  journal	= {Sleep Science},
  volume	= {3},
  number	= {1},
  pages		= {32--35},
  year		= {2010},
  publisher	= {Sleep Science}
}

@Article{	  ham1978histologic,
  title		= {Histologic analysis of photochemical lesions produced in
		  rhesus retina by short-wave-length light.},
  author	= {Ham, WT and Ruffolo, JJ and Mueller, HA and Clarke, AM and
		  Moon, ME},
  journal	= {Investigative ophthalmology \& visual science},
  volume	= {17},
  number	= {10},
  pages		= {1029--1035},
  year		= {1978},
  publisher	= {The Association for Research in Vision and Ophthalmology}
}

@Article{	  hannebauer2018does,
  author	= {Hannebauer, Christoph and Hesenius, Marc and Gruhn,
		  Volker},
  journal	= {Empirical Software Engineering},
  number	= {5},
  pages		= {2795--2828},
  publisher	= {Springer},
  title		= {Does syntax highlighting help programming novices?},
  volume	= {23},
  year		= {2018}
}

@Article{	  hansen2001increased,
  title		= {Increased breast cancer risk among women who work
		  predominantly at night},
  author	= {Hansen, Johnni},
  journal	= {Epidemiology},
  volume	= {12},
  number	= {1},
  pages		= {74--77},
  year		= {2001},
  publisher	= {LWW}
}

@Misc{		  hansen2001light,
  title		= {Light at night, shiftwork, and breast cancer risk},
  author	= {Hansen, Johnni},
  year		= {2001},
  publisher	= {Oxford University Press}
}

@Article{	  hao2002,
  author	= {Hao, Wenshan and Wenzel, Andreas and Obin, Martin and
		  Chen, Ching-Kang and Brill, Elliott and Krasnoperova,
		  Nataliia and Eversole-Cire, Pamela and Kleyner, Yelena and
		  Taylor, Allen and Simon, Melvin and Grimm, Christian and
		  Remé, Charlotte and Lem, Janis},
  year		= {2002},
  month		= {11},
  pages		= {254-60},
  title		= {Evidence for two apoptotic pathways in light-induced
		  retinal degeneration},
  volume	= {32},
  journal	= {Nature genetics},
  doi		= {10.1038/ng984}
}

@Misc{		  heiting2020,
  title		= {Blue light facts: How blue light affects your eyes},
  author	= {Gary Heiting},
  year		= "2021"
}

@Article{	  heo2016,
  author	= {Heo, Jung-yoon and Fava, Maurizio and Mischoulon, David
		  and Papakostas, George and Kim, Min-Ji and Kim, Dong and
		  Chang, Kyung-Ah and Yu, Bum-Hee and Jeon, Hong Jin},
  year		= {2016},
  month		= {12},
  pages		= {},
  title		= {Effects of smartphone use with and without blue light at
		  night in healthy adults: A randomized, double-blind,
		  cross-over, placebo-controlled comparison},
  volume	= {87},
  journal	= {Journal of Psychiatric Research},
  doi		= {10.1016/j.jpsychires.2016.12.010}
}

@Article{	  hernandez1999calculating,
  title		= {Calculating correlated color temperatures across the
		  entire gamut of daylight and skylight chromaticities},
  author	= {Hernandez-Andres, Javier and Lee, Raymond L and Romero,
		  Javier},
  journal	= {Applied optics},
  volume	= {38},
  number	= {27},
  pages		= {5703--5709},
  year		= {1999},
  publisher	= {Optical Society of America}
}

@Article{	  higuchi2005,
  author	= {Higuchi, Shigekazu and Motohashi, Yutaka and Liu, Yang and
		  Maeda, Akira},
  year		= {2005},
  month		= {10},
  pages		= {267-73},
  title		= {Effects of playing a computer game using a bright display
		  on presleep physiological variables, sleep latency, slow
		  wave sleep and REM sleep},
  volume	= {14},
  journal	= {Journal of sleep research},
  doi		= {10.1111/j.1365-2869.2005.00463.x}
}

@Article{	  himebaugh2009,
  author	= {Himebaugh, Nikole and Begley, Carolyn and Bradley, Arthur
		  and Wilkinson, Jenni},
  year		= {2009},
  month		= {02},
  pages		= {E106-14},
  title		= {Blinking and Tear Break-Up During Four Visual Tasks},
  volume	= {86},
  journal	= {Optometry and vision science : official publication of the
		  American Academy of Optometry},
  doi		= {10.1097/OPX.0b013e318194e962}
}

@Misc{		  hoening2002,
  author	= "Hoenig P.",
  title		= "Direct link between computer use and vision problems in
		  children. Charlottesville: newswise",
  year		= "2002",
  access	= "March 26th, 2002",
  link		= "http://www.newswise.com/articles/directlink-between-computer-use-and-vision-problems-in-children"
}

@Article{	  iannotti2009patterns,
  title		= {Patterns of adolescent physical activity, screen-based
		  media use, and positive and negative health indicators in
		  the US and Canada},
  author	= {Iannotti, Ronald J and Kogan, Michael D and Janssen, Ian
		  and Boyce, William F},
  journal	= {Journal of Adolescent Health},
  volume	= {44},
  number	= {5},
  pages		= {493--499},
  year		= {2009},
  publisher	= {Elsevier}
}

@Article{	  jakubowski2019,
  author	= {Jakubowski, Piotr},
  year		= {2019},
  month		= {09},
  pages		= {78},
  title		= {Artificial light sources as light pollutant of humans
		  melatonin suppression},
  volume	= {11},
  journal	= {Photonics Letters of Poland},
  doi		= {10.4302/plp.v11i3.925}
}

@Misc{		  jolerus2021syntax,
  title		= {Syntax highlighting effects on Java code readability},
  author	= {Jol{\'e}rus, Henrik and Agn{\'e}r, William},
  year		= {2021}
}

@Article{	  kayaba2014,
  title		= {The effect of nocturnal blue light exposure from
		  light-emitting diodes on wakefulness and energy metabolism
		  the following morning},
  author	= {Kayaba, Momoko and Iwayama, Kaito and Ogata, Hitomi and
		  Seya, Yumi and Kiyono, Ken and Satoh, Makoto and Tokuyama,
		  Kumpei},
  doi		= {10.1007/s12199-014-0402-x},
  number	= {5},
  volume	= {19},
  month		= {September},
  year		= {2014},
  journal	= {Environmental health and preventive medicine},
  issn		= {1342-078X},
  pages		= {354—361},
  url		= {https://europepmc.org/articles/PMC4166587}
}

@Misc{		  kazmi2021,
  author	= {Kazmi Kumail},
  title		= {Percentage Increase Calculator},
  publisher	= {Smadent - Best Educational Website of Pakistan. Smadent
		  Publishing},
  urldate	= {Retrieved March 26, 2021.},
  year		= "2021"
}

@Article{	  kessel2010,
  author	= {Kessel, Line and Lundeman, Jesper and Herbst, Kristina and
		  Andersen, Thomas and Larsen, Michael},
  year		= {2010},
  month		= {02},
  pages		= {308-12},
  title		= {Age-related changes in the transmission properties of the
		  human lens and their relevance to circadian entrainment},
  volume	= {36},
  journal	= {Journal of cataract and refractive surgery},
  doi		= {10.1016/j.jcrs.2009.08.035}
}

@Article{	  kim2019,
  author	= {Kim, Hyun-Suh and Lee, Yong},
  year		= {2019},
  month		= {05},
  pages		= {1-1},
  title		= {Correlation Analysis of Image Reproduction and Display
		  Color Temperature Change to Prevent Sleep Disorder},
  volume	= {PP},
  journal	= {IEEE Access},
  doi		= {10.1109/ACCESS.2019.2914768}
}

@Article{	  kloog2008light,
  title		= {Light at night co-distributes with incident breast but not
		  lung cancer in the female population of Israel},
  author	= {Kloog, Itai and Haim, Abraham and Stevens, Richard G and
		  Barchana, Micha and Portnov, Boris A},
  journal	= {Chronobiology international},
  volume	= {25},
  number	= {1},
  pages		= {65--81},
  year		= {2008},
  publisher	= {Taylor \& Francis}
}

@Article{	  kloog2009global,
  title		= {Global co-distribution of light at night (LAN) and cancers
		  of prostate, colon, and lung in men},
  author	= {Kloog, Itai and Haim, Abraham and Stevens, Richard G and
		  Portnov, Boris A},
  journal	= {Chronobiology international},
  volume	= {26},
  number	= {1},
  pages		= {108--125},
  year		= {2009},
  publisher	= {Taylor \& Francis}
}

@Article{	  kloog2010nighttime,
  title		= {Nighttime light level co-distributes with breast cancer
		  incidence worldwide},
  author	= {Kloog, Itai and Stevens, Richard G and Haim, Abraham and
		  Portnov, Boris A},
  journal	= {Cancer Causes \& Control},
  volume	= {21},
  number	= {12},
  pages		= {2059--2068},
  year		= {2010},
  publisher	= {Springer}
}

@Article{	  kozaki2008,
  author	= {Kozaki, Tomoaki and Koga, Shota and Toda, Naohiro and
		  Noguchi, Hiroki and Yasukouchi, Akira},
  year		= {2008},
  month		= {08},
  pages		= {256-9},
  title		= {Effects of short wavelength control in polychromatic light
		  sources on nocturnal melatonin secretion},
  volume	= {439},
  journal	= {Neuroscience letters},
  doi		= {10.1016/j.neulet.2008.05.035}
}

@Article{	  kozakov2008,
  author	= {Kozakov, Ruslan and Franke, St and Schöpp, H.},
  year		= {2008},
  month		= {04},
  pages		= {255-263},
  title		= {Approach to an Effective Biological Spectrum of a Light
		  Source},
  volume	= {40},
  journal	= {LEUKOS - The Journal of the Illuminating Engineering
		  Society of North America},
  doi		= {10.1582/LEUKOS.2008.04.04.004}
}

@Article{	  kurimoto1986,
  author	= {Kurimoto, S and Noro, Kageyu and Matsuoka, S and Yamamoto,
		  S and Komatsubara, A and Iwasaki, T},
  year		= {1986},
  month		= {04},
  pages		= {227-64},
  title		= {[The working adaptation in visual display terminal (VDT)
		  workers]},
  volume	= {8 Suppl},
  journal	= {Journal of UOEH}
}

@Article{	  lawwill1973effects,
  title		= {Effects of prolonged exposure of rabbit retina to
		  low-intensity light},
  author	= {Lawwill, Theodore},
  journal	= {Investigative Ophthalmology \& Visual Science},
  volume	= {12},
  number	= {1},
  pages		= {45--51},
  year		= {1973},
  publisher	= {The Association for Research in Vision and Ophthalmology}
}

@Article{	  lawwill1977retinal,
  title		= {Retinal damage secondary to chronic light exposure},
  author	= {Lawwill, Theodore and Crockett, S and Currier, Glenna},
  journal	= {Documenta ophthalmologica},
  volume	= {44},
  number	= {2},
  pages		= {379--402},
  year		= {1977},
  publisher	= {Springer}
}

@Article{	  lazzerini2017mood,
  title		= {Mood, the circadian system, and melanopsin retinal
		  ganglion cells},
  author	= {Lazzerini Ospri, Lorenzo and Prusky, Glen and Hattar,
		  Samer},
  journal	= {Annual review of neuroscience},
  volume	= {40},
  pages		= {539--556},
  year		= {2017},
  publisher	= {Annual Reviews}
}

@Article{	  lee2018,
  author	= {Lee, Sang-il and Matsumori, Kouhei and Nishimura, Kana and
		  Nishimura, Yuki and Ikeda, Yuki and Eto, Taisuke and
		  Higuchi, Shigekazu},
  year		= {2018},
  month		= {12},
  pages		= {e13942},
  title		= {Melatonin suppression and sleepiness in children exposed
		  to blue-enriched white LED lighting at night},
  volume	= {6},
  journal	= {Physiological Reports},
  doi		= {10.14814/phy2.13942}
}

@Article{	  leid2016,
  title		= {Blue Light: what are the risks to our eyes},
  author	= {Leid, Jean},
  journal	= {Points de Vue: International Review Ophthalmic Optics},
  pages		= {1--7},
  year		= {2016}
}

@Article{	  lely2014,
  author	= {Van der Lely, Stephanie and Frey, Silvia and Garbazza,
		  Corrado and Wirz-Justice, Anna and Jenni, Oskar and
		  Steiner, Roland and Wolf, Stefan and Cajochen, Christian
		  and Bromundt, Vivien and Schmidt, Christina},
  year		= {2014},
  month		= {10},
  pages		= {},
  title		= {Blue Blocker Glasses as a Countermeasure for Alerting
		  Effects of Evening Light-Emitting Diode Screen Exposure in
		  Male Teenagers},
  volume	= {56},
  journal	= {Journal of Adolescent Health},
  doi		= {10.1016/j.jadohealth.2014.08.002}
}

@Article{	  lewy1980light,
  title		= {Light suppresses melatonin secretion in humans},
  author	= {Lewy, Alfred J and Wehr, Thomas A and Goodwin, Frederick K
		  and Newsome, David A and Markey, SP},
  journal	= {Science},
  volume	= {210},
  number	= {4475},
  pages		= {1267--1269},
  year		= {1980},
  publisher	= {American Association for the Advancement of Science}
}

@Article{	  lewy2006,
  author	= {Lewy, Alfred and Emens, Jonathan and Jackman, Angela and
		  Yuhas, Krista},
  year		= {2006},
  month		= {02},
  pages		= {403-12},
  title		= {Circadian Uses of Melatonin in Humans},
  volume	= {23},
  journal	= {Chronobiology international},
  doi		= {10.1080/07420520500545862}
}

@Article{	  li2016,
  author	= {Changjun, li and Cui, Guihua and Melgosa, Manuel and Ruan,
		  Xiukai and Zhang, Yaoju and Ma, Long and Xiao, Kaida and
		  Luo, Ming},
  year		= {2016},
  month		= {06},
  pages		= {14066},
  title		= {Accurate method for computing correlated color
		  temperature},
  volume	= {24},
  journal	= {Optics Express},
  doi		= {10.1364/OE.24.014066}
}

@Article{	  li2016accurate,
  title		= {Accurate method for computing correlated color
		  temperature},
  author	= {Li, Changjun and Cui, Guihua and Melgosa, Manuel and Ruan,
		  Xiukai and Zhang, Yaoju and Ma, Long and Xiao, Kaida and
		  Luo, M Ronnier},
  journal	= {Optics express},
  volume	= {24},
  number	= {13},
  pages		= {14066--14078},
  year		= {2016},
  publisher	= {Optical Society of America}
}

@Article{	  lockley2003,
  author	= {Lockley, Steven W. and Brainard, George C. and Czeisler,
		  Charles A.},
  title		= "{High Sensitivity of the Human Circadian Melatonin Rhythm
		  to Resetting by Short Wavelength Light}",
  journal	= {The Journal of Clinical Endocrinology \& Metabolism},
  volume	= {88},
  number	= {9},
  pages		= {4502-4505},
  year		= {2003},
  month		= {09},
  issn		= {0021-972X},
  doi		= {10.1210/jc.2003-030570},
  url		= {https://doi.org/10.1210/jc.2003-030570},
  eprint	= {https://academic.oup.com/jcem/article-pdf/88/9/4502/13133760/jcem4502.pdf}
}

@Article{	  maras2015,
  author	= {Maras, Danijela and Flament, Martine and Murray, Marisa
		  and Buchholz, Annick and Henderson, Katherine and Obeid,
		  Nicole and Goldfield, Gary},
  year		= {2015},
  month		= {02},
  pages		= {},
  title		= {Screen Time is Associated with Depression and Anxiety in
		  Canadian Youth.},
  volume	= {73},
  journal	= {Preventive medicine},
  doi		= {10.1016/j.ypmed.2015.01.029}
}

@Article{	  margrain2004,
  author	= {Margrain, Tom and Boulton, M and Marshall, John and
		  Sliney, David},
  year		= {2004},
  month		= {10},
  pages		= {523-31},
  title		= {Do blue light filters confer protection against
		  age-related macular degeneration?},
  volume	= {23},
  journal	= {Progress in retinal and eye research},
  doi		= {10.1016/j.preteyeres.2004.05.001}
}

@Article{	  mccamy1992correlated,
  title		= {Correlated color temperature as an explicit function of
		  chromaticity coordinates},
  author	= {McCamy, Calvin S},
  journal	= {Color Research \& Application},
  volume	= {17},
  number	= {2},
  pages		= {142--144},
  year		= {1992},
  publisher	= {Wiley Online Library}
}

@Article{	  mccamy1993correlated,
  title		= {Correlated color temperature as an explicit function of
		  chromaticity coordinates (Erratum)},
  author	= {McCamy, Calvin S},
  journal	= {Color Research \& Application},
  volume	= {18},
  number	= {2},
  pages		= {150},
  year		= {1993},
  publisher	= {Wiley Online Library}
}

@Misc{		  meb_eba,
  title		= {EBA, Eğitim Bilişim Ağı, Ders, Haber, e-Dergi,
		  e-Kitap, Video, Ses, Görsel, e-Doküman, İçerik: Eğitim
		  Bilişim Ağı},
  url		= {https://www.eba.gov.tr/},
  journal	= {EBA, Eğitim Bilişim Ağı, Ders, Haber, e-Dergi,
		  e-Kitap, Video, Ses, Görsel, e-Doküman, İçerik |
		  Eğitim Bilişim Ağı},
  author	= {Meb},
  year		= "2021"
}

@Misc{		  meb_eba_ders_programi,
  key		= "MEB",
  title		= "Uzaktan eğitim ders programı",
  url		= "http://uzaktanegitim.meb.gov.tr/meb\_iys\_dosyalar/2020\_08/30193625\_IMG-20200830-WA0019.jpg",
  year		= "2020"
}

@Misc{		  meb_egitim_istatistik,
  title		= "MEB, eğitim-öğretim istatistiklerini açıkladı",
  url		= "https://www.aa.com.tr/tr/egitim/meb-egitim-ogretim-istatistiklerini-acikladi/1963448#:~:text=Milli%20E%C4%9Fitim%20Bakanl%C4%B1%C4%9F%C4%B1%20(MEB)%20taraf%C4%B1ndan,bin%20881%20%C3%B6%C4%9Frenci%20e%C4%9Fitim%20al%C4%B1yor."
}

@Misc{		  microsoft2022consolas,
  author	= {Microsoft},
  note		= {[Online; accessed 10-01-2022]},
  title		= {Consolas font family},
  url		= {https://docs.microsoft.com/en-US/typography/font-list/consolas},
  year		= {2022}
}

@Article{	  mineshita2020,
  author	= {Mineshita, Yui and Kim, Hyeon-Ki and Chijiki, Hanako and
		  Nanba, Takuya and Shinto, Takae and Furuhashi, Shota and
		  Oneda, Satoshi and Kuwahara, Mai and Suwama, Anzu and
		  Shibata, Shigenobu},
  year		= {2020},
  month		= {09},
  pages		= {},
  title		= {Screen Time Duration and Timing: Effects on Obesity,
		  Physical Activity, Dry Eyes, and Learning Ability in
		  Elementary School Children},
  journal	= {BMC public health},
  doi		= {10.21203/rs.3.rs-80923/v1}
}

@Article{	  moderie2017,
  author	= {Moderie, Christophe and Van der Maren, Solenne and Dumont,
		  Marie},
  year		= {2017},
  month		= {04},
  pages		= {},
  title		= {Circadian phase, dynamics of subjective sleepiness and
		  sensitivity to blue light in young adults complaining of a
		  delayed sleep schedule},
  volume	= {34},
  journal	= {Sleep Medicine},
  doi		= {10.1016/j.sleep.2017.03.021}
}

@Article{	  mortazavi2018,
  author	= {Mortazavi, SMJ and Parhoodeh, Saeed and Hosseini, M.A. and
		  Arabi, H. and Malakooti, H. and Nematollahi, S. and
		  Mortazavi, Ghazal and Darvish, Leili and Mortazavi, Ali
		  Reza},
  year		= {2018},
  month		= {12},
  pages		= {375-380},
  title		= {Blocking Short-Wavelength Component of the Visible Light
		  Emitted by Smartphones’ Screens Improves Human Sleep
		  Quality},
  volume	= {8},
  journal	= {Journal of Biomedical Physics and Engineering},
  doi		= {10.22086/jbpe.v0i0.647}
}

@Article{	  munch2017,
  author	= {Münch, Mirjam and Nowozin, Claudia and Regente, Johannes
		  and Bes, Frederik and de Zeeuw, Jan and Haedel, Sven and
		  Wahnschaffe, Amely and Kunz, Dieter},
  year		= {2017},
  month		= {06},
  pages		= {207-218},
  title		= {Blue-Enriched Morning Light as a Countermeasure to Light
		  at the Wrong Time: Effects on Cognition, Sleepiness, Sleep,
		  and Circadian Phase},
  volume	= {74},
  journal	= {Neuropsychobiology},
  doi		= {10.1159/000477093}
}

@Article{	  munezawa2011,
  author	= {Munezawa, Takeshi and Kaneita, Yoshitaka and Osaki,
		  Yoneatsu and Kanda, Hideyuki and Minowa, Masumi and Suzuki,
		  Kenji and Higuchi, Susumu and Mori, Junichiro and Yamamoto,
		  Ryuichiro and Ohida, Takashi},
  year		= {2011},
  month		= {08},
  pages		= {1013-20},
  title		= {The Association between Use of Mobile Phones after Lights
		  Out and Sleep Disturbances among Japanese Adolescents: A
		  Nationwide Cross-Sectional Survey},
  volume	= {34},
  journal	= {Sleep},
  doi		= {10.5665/SLEEP.1152}
}

@Article{	  murphy2020covid,
  title		= {COVID-19 and emergency eLearning: Consequences of the
		  securitization of higher education for post-pandemic
		  pedagogy},
  author	= {Murphy, Michael PA},
  journal	= {Contemporary Security Policy},
  volume	= {41},
  number	= {3},
  pages		= {492--505},
  year		= {2020},
  publisher	= {Taylor \& Francis}
}

@Article{	  must2005physical,
  title		= {Physical activity and sedentary behavior: a review of
		  longitudinal studies of weight and adiposity in youth},
  author	= {Must, Aviva and Tybor, DJ},
  journal	= {International journal of obesity},
  volume	= {29},
  number	= {2},
  pages		= {S84--S96},
  year		= {2005},
  publisher	= {Nature Publishing Group}
}

@InBook{	  nakamura2000,
  author	= {Nakamura, Shuji and Pearton, Stephen and Fasol, Gerhard},
  year		= {2000},
  month		= {01},
  pages		= {149-192},
  title		= {The Blue Laser Diode},
  isbn		= {978-3-642-08579-6},
  doi		= {10.1007/978-3-662-04156-7_8},
  publisher	= {Springer Science \& Business Media}
}

@Article{	  nakamura2010,
  author	= {Nakamura, Shigeru and Kinoshita, Shigeru and Yokoi,
		  Norihiko and Ogawa, Yoko and Shibuya, Michiko and
		  Nakashima, Hideo and Hisamura, Ryuji and Imada, Toshihiro
		  and Imagawa, Tomohiro and Uehara, Masato and Shibuya, Izumi
		  and Dogru, Murat and Ward, Samantha and Tsubota, Kazuo},
  year		= {2010},
  month		= {06},
  pages		= {e11119},
  title		= {Lacrimal Hypofunction as a New Mechanism of Dry Eye in
		  Visual Display Terminal Users},
  volume	= {5},
  journal	= {PloS one},
  doi		= {10.1371/journal.pone.0011119}
}

@Misc{		  nokogiri2022package,
  author	= {{Nokogiri contributors}},
  note		= {[Online; accessed 06-04-2022]},
  title		= {Nokogiri, an HTML, XML, SAX, and Reader parser for Ruby},
  url		= {https://nokogiri.org/},
  year		= {2022}
}

@Misc{		  nyqvist2019impact,
  author	= {Nyqvist, Anna and Rutqvist, Joar},
  title		= {The Impact of Colour Themes on Code Readability},
  year		= {2019}
}

@Article{	  oh2015,
  author	= {Oh, Ji Hye and Yoo, Heeyeon and Park, Hoo Keun and Do,
		  Young},
  year		= {2015},
  month		= {06},
  pages		= {11325},
  title		= {Analysis of circadian properties and healthy levels of
		  blue light from smartphones at night},
  volume	= {5},
  journal	= {Scientific reports},
  doi		= {10.1038/srep11325}
}

@Article{	  ohagan2016,
  author	= {O'Hagan, John and Khazova, Marina and Price, Luke},
  year		= {2016},
  month		= {01},
  pages		= {},
  title		= {Low-energy light bulbs, computers, tablets and the blue
		  light hazard},
  volume	= {30},
  journal	= {Eye (London, England)},
  doi		= {10.1038/eye.2015.261}
}

@Misc{		  onedarkprotheme2022github,
  author	= {{One Dark Pro Theme authors}},
  note		= {[Online; accessed 06-04-2022]},
  title		= {One Dark Pro Theme Github Source Repository},
  url		= {https://github.com/Binaryify/OneDark-Pro/},
  year		= {2022}
}

@Article{	  organisciak1989retinal,
  title		= {Retinal light damage in rats exposed to intermittent
		  light. Comparison with continuous light exposure.},
  author	= {Organisciak, DT and Jiang, Yih-Ling and Wang, Hih-Min and
		  Pickford, M and Blanks, JC},
  journal	= {Investigative ophthalmology \& visual science},
  volume	= {30},
  number	= {5},
  pages		= {795--805},
  year		= {1989},
  publisher	= {The Association for Research in Vision and Ophthalmology}
}

@Article{	  organisciak2000circadian,
  title		= {Circadian-dependent retinal light damage in rats},
  author	= {Organisciak, Daniel T and Darrow, Ruth M and Barsalou,
		  Linda and Kutty, R Krishnan and Wiggert, Barbara},
  journal	= {Investigative ophthalmology \& visual science},
  volume	= {41},
  number	= {12},
  pages		= {3694--3701},
  year		= {2000},
  publisher	= {The Association for Research in Vision and Ophthalmology}
}

@Article{	  ostrin2017,
  author	= {Ostrin, Lisa and Abbott, Kaleb and Queener, Hope},
  year		= {2017},
  month		= {07},
  pages		= {440-450},
  title		= {Attenuation of short wavelengths alters sleep and the
		  ipRGC pupil response},
  volume	= {37},
  journal	= {Ophthalmic and Physiological Optics},
  doi		= {10.1111/opo.12385}
}

@Manual{	  otf2bdf2008man,
  author	= {Mark Leisher},
  title		= {otf2bdf(1) -- OpenType to BDF font converter},
  year		= {2008}
}

@Article{	  pauley2004,
  author	= {Pauley, Stephen},
  year		= {2004},
  month		= {02},
  pages		= {588-96},
  title		= {Lighting for the Human Circadian Clock: Recent Research
		  Indicates that Lighting Has Become a Public Health Issue},
  volume	= {63},
  journal	= {Medical hypotheses},
  doi		= {10.1016/j.mehy.2004.03.020}
}

@Article{	  portello2012,
  author	= {Portello, Joan and Rosenfield, Mark and Bababekova, Yuliya
		  and Estrada Alvarez, Jorge and León, Alejandro},
  year		= {2012},
  month		= {07},
  pages		= {375-82},
  title		= {Computer-related visual symptoms in office workers},
  volume	= {32},
  journal	= {Ophthalmic \& physiological optics : the journal of the
		  British College of Ophthalmic Opticians (Optometrists)},
  doi		= {10.1111/j.1475-1313.2012.00925.x}
}

@Misc{		  quora2018monospace,
  author	= {{Quora QA site contributors}},
  note		= {[Online; accessed 06-04-2022]},
  title		= {Why do programmers use monospaced fonts?},
  url		= {https://www.quora.com/Why-do-programmers-use-monospaced-fonts},
  year		= {2018}
}

@Article{	  ratnayake2018,
  author	= {Ratnayake, Kasun and Payton, John and Lakmal, O. and
		  Karunarathne, Ajith},
  year		= {2018},
  month		= {07},
  pages		= {},
  title		= {Blue light excited retinal intercepts cellular signaling},
  volume	= {8},
  journal	= {Scientific Reports},
  doi		= {10.1038/s41598-018-28254-8}
}

@Article{	  rea2006,
  author	= {Rea, Mark and Figueiro, Mariana and Bullough, John and
		  Bierman, Andrew},
  year		= {2006},
  month		= {01},
  pages		= {213-28},
  title		= {A model of phototransduction by the human circadian
		  system},
  volume	= {50},
  journal	= {Brain research. Brain research reviews},
  doi		= {10.1016/j.brainresrev.2005.07.002}
}

@Article{	  rea2010circadian,
  title		= {Circadian light},
  author	= {Rea, Mark S and Figueiro, Mariana G and Bierman, Andrew
		  and Bullough, John D},
  journal	= {Journal of circadian rhythms},
  volume	= {8},
  number	= {1},
  pages		= {2},
  year		= {2010},
  publisher	= {Springer}
}

@Article{	  rebec2015,
  author	= {Malovrh Rebec, Katja and Klanjšek Gunde, Marta and
		  Bizjak, Grega and Kobav, Matej},
  year		= {2015},
  month		= {07},
  pages		= {391-398},
  title		= {White LED compared with other light sources: Age-dependent
		  photobiological effects and parameters for evaluation},
  volume	= {21},
  journal	= {International Journal of Occupational Safety and
		  Ergonomics},
  doi		= {10.1080/10803548.2015.1085163}
}

@Article{	  rideout2010generation,
  title		= {Generation M 2: Media in the Lives of 8-to 18-Year-Olds.},
  author	= {Rideout, Victoria J and Foehr, Ulla G and Roberts, Donald
		  F},
  journal	= {Henry J. Kaiser Family Foundation},
  year		= {2010},
  publisher	= {ERIC}
}

@Article{	  rimmer2000,
  author	= {Rimmer, David and Shanahan, Theresa and Kronauer, Richard
		  and Duffy, Jeanne and Czeisler, Charles},
  year		= {2000},
  month		= {12},
  pages		= {R1574-9},
  title		= {Dynamic resetting of the human circadian pacemaker by
		  intermittent bright light},
  volume	= {279},
  journal	= {American journal of physiology. Regulatory, integrative
		  and comparative physiology},
  doi		= {10.1152/ajpregu.2000.279.5.R1574}
}

@Article{	  robertson1968computation,
  title		= {Computation of correlated color temperature and
		  distribution temperature},
  author	= {Robertson, Alan R},
  journal	= {JOSA},
  volume	= {58},
  number	= {11},
  pages		= {1528--1535},
  year		= {1968},
  publisher	= {Optical Society of America}
}

@Article{	  rosenfield2011,
  author	= {Rosenfield, Mark},
  year		= {2011},
  month		= {04},
  pages		= {502-15},
  title		= {Computer vision syndrome: A review of ocular causes and
		  potential treatments},
  volume	= {31},
  journal	= {Ophthalmic \& physiological optics : the journal of the
		  British College of Ophthalmic Opticians (Optometrists)},
  doi		= {10.1111/j.1475-1313.2011.00834.x}
}

@Article{	  ruger2012,
  author	= {Rüger, Melanie and St. Hilaire, Melissa and Brainard,
		  George and Khalsa, Sat Bir and Kronauer, Richard and
		  Czeisler, Charles and Lockley, Steven},
  year		= {2012},
  month		= {10},
  pages		= {},
  title		= {Human phase response curve to a single 6.5 h pulse of
		  short-wavelength light},
  volume	= {591},
  journal	= {The Journal of physiology},
  doi		= {10.1113/jphysiol.2012.239046}
}

@Article{	  sano2014,
  author	= {Sano, Ichiya and Tanito, Masaki and Okuno, Tsutomu and
		  Ishiba, Yoshihisa and Ohira, Akihiro},
  year		= {2014},
  month		= {04},
  pages		= {},
  title		= {Estimation of the melatonin suppression index through
		  clear and yellow-tinted intraocular lenses},
  volume	= {58},
  journal	= {Japanese journal of ophthalmology},
  doi		= {10.1007/s10384-014-0320-x}
}

@Article{	  sanz2020,
  author	= {Calvo-Sanz, Jorge A. and Tapia Ayuga, Carlos Eugenio},
  year		= {2020},
  month		= {07},
  pages		= {1-7},
  title		= {Blue light emission spectra of popular mobile devices: The
		  extent of user protection against melatonin suppression by
		  built-in screen technology and light filtering software
		  systems},
  volume	= {37},
  journal	= {Chronobiology International},
  doi		= {10.1080/07420528.2020.1781149}
}

@Misc{		  sarath2016prefer,
  author	= {Sarath TK},
  note		= {[Online; accessed 06-04-2022]},
  title		= {Which color theme do you prefer in your code editor?},
  url		= {https://hashnode.com/post/which-color-theme-do-you-prefer-in-your-codeeditor-ciq9e3wbn1avb0053p48nozw0},
  year		= {2016}
}

@Article{	  saw2002,
  author	= {Saw, Seang-Mei and Chua, Wei-Han and Hong, Ching-Ye and
		  Wu, Hui-Min and Chan, Wai-Ying and Chia, Kee-Seng and
		  Stone, Richard and Tan, Donald},
  year		= {2002},
  month		= {03},
  pages		= {332-9},
  title		= {Nearwork in early-onset myopia},
  volume	= {43},
  journal	= {Investigative ophthalmology \& visual science}
}

@Article{	  schernhammer2001rotating,
  title		= {Rotating night shifts and risk of breast cancer in women
		  participating in the nurses' health study},
  author	= {Schernhammer, Eva S and Laden, Francine and Speizer, Frank
		  E and Willett, Walter C and Hunter, David J and Kawachi,
		  Ichiro and Colditz, Graham A},
  journal	= {Journal of the national cancer institute},
  volume	= {93},
  number	= {20},
  pages		= {1563--1568},
  year		= {2001},
  publisher	= {Oxford University Press}
}

@Article{	  schernhammer2003night,
  title		= {Night-shift work and risk of colorectal cancer in the
		  nurses’ health study},
  author	= {Schernhammer, Eva S and Laden, Francine and Speizer, Frank
		  E and Willett, Walter C and Hunter, David J and Kawachi,
		  Ichiro and Fuchs, Charles S and Colditz, Graham A},
  journal	= {Journal of the National Cancer Institute},
  volume	= {95},
  number	= {11},
  pages		= {825--828},
  year		= {2003},
  publisher	= {Oxford University Press}
}

@Article{	  scheuermaier2018,
  author	= {Scheuermaier, Karine and Münch, Mirjam and Ronda, Joseph
		  and Duffy, Jeanne},
  year		= {2018},
  month		= {04},
  pages		= {},
  title		= {Improved cognitive morning performance in healthy older
		  adults following blue-enriched light exposure on the
		  previous evening},
  volume	= {348},
  journal	= {Behavioural Brain Research},
  doi		= {10.1016/j.bbr.2018.04.021}
}

@Article{	  scott2014consumer,
  title		= {Consumer smartphone usage 2014: OTT communication
		  services},
  author	= {Scott, M and Sale, S},
  journal	= {Analysys Mason},
  year		= {2014}
}

@Misc{		  senoo2019,
  author	= "Akiko Senoo",
  title		= "Survey of parents' awareness of children with smartphones
		  for the first time this year.",
  link		= "https://mmdlabo.jp/investigation/detail_1838.html",
  urldate	= "30.04.2021",
  year		= "2019"
}

@Misc{		  seux2014darkorwhite,
  author	= {{StackExchange -- UX User Experience QA site
		  contributors}},
  note		= {[Online; accessed 06-04-2022]},
  title		= {Dark or white color theme is better for the eyes?},
  url		= {https://ux.stackexchange.com/questions/53264/dark-or-white-color-theme-is-better-for-the-eyes},
  year		= {2014}
}

@Article{	  shah2021bioinformatic,
  title		= {Bioinformatic Analysis of Antiviral Medicinal Compounds
		  Against Sars Cov-2 Proteases: Antiviral Medicinal Compounds
		  Against COVID-19},
  author	= {Shah, Fahad Hassan and Lim, Kyeong Ho and Kim, Song Ja},
  journal	= {Kuwait Journal of Science},
  year		= {2021}
}

@Misc{		  smolensky2015nocturnal,
  title		= {Nocturnal light pollution and underexposure to daytime
		  sunlight: Complementary mechanisms of circadian disruption
		  and related diseases},
  author	= {Smolensky, Michael H and Sackett-Lundeen, Linda L and
		  Portaluppi, Francesco},
  year		= {2015},
  publisher	= {Taylor \& Francis}
}

@Misc{		  so2010monospace,
  author	= {{StackOverflow QA site contributors}},
  note		= {[Online; accessed 06-04-2022]},
  title		= {Why use monospace fonts in your IDE?},
  url		= {https://stackoverflow.com/questions/218623/why-use-monospace-fonts-in-your-ide},
  year		= {2010}
}

@Misc{		  so2022survey,
  author	= {StackOverflow},
  note		= {[Online; accessed 06-04-2022]},
  title		= {Integrated development environment survey},
  url		= {https://insights.stackoverflow.com/survey/2021#section-most-popular-technologies-integrated-development-environment},
  year		= {2021}
}

@Article{	  spiegal2004sleep,
  title		= {Sleep curtailment in healthy young men is associated with
		  decreased leptin levels, elevated ghrelin levels and
		  increased hunger and appetite},
  author	= {Spiegal, K and Tasali, E and Penev, P and Van Cauter, E},
  journal	= {Ann Int Med},
  volume	= {141},
  number	= {11},
  pages		= {846--50},
  year		= {2004}
}

@Article{	  spiegel2005sleep,
  title		= {Sleep loss: a novel risk factor for insulin resistance and
		  Type 2 diabetes},
  author	= {Spiegel, Karine and Knutson, Kristen and Leproult, Rachel
		  and Tasali, Esra and Cauter, Eve Van},
  journal	= {Journal of applied physiology},
  volume	= {99},
  number	= {5},
  pages		= {2008--2019},
  year		= {2005},
  publisher	= {American Physiological Society}
}

@Misc{		  statisticaabd,
  title		= "Daily device usage by U.S. kids during COVID-19 2020",
  url		= "https://www.statista.com/statistics/1164976/time-spent-us-kids-digital-devices-parents-during-covid/",
  author	= "Joseph Johnson",
  year		= "2020"
}

@Book{		  steiner2014big,
  title		= {The big disconnect: Protecting childhood and family
		  relationships in the digital age},
  author	= {Steiner-Adair, Catherine and Barker, Teresa H},
  year		= {2014},
  publisher	= {HarperCollins Publishers}
}

@Article{	  stevens2009light,
  title		= {Light-at-night, circadian disruption and breast cancer:
		  assessment of existing evidence},
  author	= {Stevens, Richard G},
  journal	= {International journal of epidemiology},
  volume	= {38},
  number	= {4},
  pages		= {963--970},
  year		= {2009},
  publisher	= {Oxford University Press}
}

@Article{	  stevens2011testing,
  title		= {Testing the light-at-night (LAN) theory for breast cancer
		  causation},
  author	= {Stevens, Richard G},
  journal	= {Chronobiology international},
  volume	= {28},
  number	= {8},
  pages		= {653--656},
  year		= {2011},
  publisher	= {Taylor \& Francis}
}

@Article{	  stevens2015,
  author	= {Stevens, Richard and Zhu, Yong},
  year		= {2015},
  month		= {05},
  pages		= {},
  title		= {Electric light, particularly at night, disrupts human
		  circadian rhythmicity: Is that a problem?},
  volume	= {370},
  journal	= {Philosophical transactions of the Royal Society of London.
		  Series B, Biological sciences},
  doi		= {10.1098/rstb.2014.0120}
}

@Article{	  stoner2002,
  author	= {Stoner, Marilyn},
  year		= {2002},
  month		= {01},
  pages		= {787-9},
  title		= {Health Tips for Computer Users},
  volume	= {19},
  journal	= {Home healthcare nurse},
  doi		= {10.1097/00004045-200112000-00011}
}

@Article{	  strasburger2011policy,
  title		= {Policy statement-Children, adolescents, obesity, and the
		  media},
  author	= {Strasburger, Victor C and Mulligan, Deborah Ann and
		  Altmann, Tanya Remer and Brown, Ari and Christakis, Dimitri
		  A and Clarke-Pearson, Kathleen and Falik, Holly Lee and
		  Hill, David L and Hogan, Marjorie J and Levine, Alanna
		  Estin and others},
  journal	= {Pediatrics},
  volume	= {128},
  number	= {1},
  pages		= {201--208},
  year		= {2011},
  publisher	= {American Academy of Pediatrics}
}

@Misc{		  suraj2020dark,
  author	= {Suraj Vishwakarma},
  note		= {[Online; accessed 06-04-2022]},
  title		= {Why Most Developers Prefer The Dark Theme IDE?},
  url		= {https://dev.to/surajondev/why-most-developers-prefer-the-dark-theme-ide-1ml7},
  year		= {2020}
}

@Article{	  tahkamo2018,
  author	= {Tähkämö, Leena and Partonen, Timo and Pesonen,
		  Anu-Katriina},
  year		= {2018},
  month		= {10},
  pages		= {1-20},
  title		= {Systematic review of light exposure impact on human
		  circadian rhythm},
  volume	= {36},
  journal	= {Chronobiology International},
  doi		= {10.1080/07420528.2018.1527773}
}

@Article{	  teran2020,
  author	= {Teran, Emiliano and Yee, Cristo and Ortega-Salazar, Jesus
		  and Gracia, Pablo and Garcia-Romo, Efrain and Woods,
		  Russell},
  year		= {2020},
  month		= {03},
  pages		= {207-217},
  title		= {Evaluation of Two Strategies for Alleviating the Impact on
		  the Circadian Cycle of Smartphone Screens},
  volume	= {97},
  journal	= {Optometry and Vision Science},
  doi		= {10.1097/OPX.0000000000001485}
}

@Article{	  thapan2001,
  author	= {Thapan, Kavita and Arendt, Jo and Skene, Debra},
  year		= {2001},
  month		= {08},
  pages		= {261-7},
  title		= {An action spectrum for melatonin suppression: Evidence for
		  a novel non-rod, non-cone photoreceptor system in humans},
  volume	= {535},
  journal	= {The Journal of physiology},
  doi		= {10.1111/j.1469-7793.2001.t01-1-00261.x}
}

@Misc{		  tiobe2022index,
  author	= {TIOBE},
  note		= {[Online; accessed 06-04-2022]},
  title		= {TIOBE Index for March 2022},
  url		= {https://www.tiobe.com/tiobe-index/},
  year		= {2022}
}

@Article{	  tomar2006converting,
  title		= {Converting video formats with FFmpeg},
  author	= {Tomar, Suramya},
  journal	= {Linux Journal},
  volume	= {2006},
  number	= {146},
  pages		= {10},
  year		= {2006},
  publisher	= {Belltown Media}
}

@Article{	  tosini2016,
  author	= {Tosini, Gianluca and Ferguson, Ian and Tsubota, Kazuo},
  year		= {2016},
  month		= {01},
  pages		= {61-72},
  title		= {Effects of blue light on the circadian system and eye
		  physiology},
  volume	= {22},
  journal	= {Molecular Vision}
}

@Article{	  touitou2016disruption,
  title		= {Disruption of adolescents’ circadian clock: The vicious
		  circle of media use, exposure to light at night, sleep loss
		  and risk behaviors},
  author	= {Touitou, Yvan and Touitou, David and Reinberg, Alain},
  journal	= {Journal of Physiology-Paris},
  volume	= {110},
  number	= {4},
  pages		= {467--479},
  year		= {2016},
  month		= {November},
  publisher	= {Elsevier},
  doi		= {10.1016/j.jphysparis.2017.05.001},
  url		= {https://doi.org/10.1016/j.jphysparis.2017.05.001},
  issn		= {0928-4257}
}

@Article{	  tremblay2011,
  author	= {Tremblay, Mark and Leblanc, Allana and Janssen, Ian and
		  Kho, Michelle and Hicks, Audrey and Murumets, Kelly and
		  Colley, Rachel and Duggan, Mary},
  year		= {2011},
  month		= {02},
  pages		= {59-64; 65},
  title		= {The Canadian Sedentary Behavior Guidelines for Children
		  and Youth},
  volume	= {36},
  journal	= {Applied physiology, nutrition, and metabolism =
		  Physiologie appliquée, nutrition et métabolisme},
  doi		= {10.1139/H11-012}
}

@Misc{		  ttf2022reference,
  author	= {{Apple ®}},
  note		= {[Online; accessed 06-04-2022]},
  title		= {TrueType Reference Manual},
  url		= {https://developer.apple.com/fonts/TrueType-Reference-Manual/},
  year		= {2022}
}

@Article{	  turner2010role,
  title		= {The role of environmental light in sleep and health:
		  effects of ocular aging and cataract surgery},
  author	= {Turner, Patricia L and Van Someren, Eus JW and Mainster,
		  Martin A},
  journal	= {Sleep medicine reviews},
  volume	= {14},
  number	= {4},
  pages		= {269--280},
  year		= {2010},
  publisher	= {Elsevier}
}

@Article{	  uchino2008,
  author	= {Uchino, Miki and Schaumberg, Debra and Dogru, Murat and
		  Uchino, Yuichi and Fukagawa, Kazumi and Shimmura, Shigeto
		  and Satoh, Toshihiko and Takebayashi, Toru and Tsubota,
		  Kazuo},
  year		= {2008},
  month		= {09},
  pages		= {1982-8},
  title		= {Prevalence of Dry Eye Disease among Japanese Visual
		  Display Terminal Users},
  volume	= {115},
  journal	= {Ophthalmology},
  doi		= {10.1016/j.ophtha.2008.06.022}
}

@Misc{		  unesco,
  title		= {Reopening Schools: When, Where and How?},
  url		= {https://en.unesco.org/news/reopening-schoolswhen-where-and-how},
  author	= {UNESCO},
  year		= "2021"
}

@Article{	  vandewalle2006,
  author	= {Vandewalle, Gilles and Balteau, Evelyne and Phillips,
		  Christophe and Degueldre, Christian and Moreau, Vincent and
		  Sterpenich, Virginie and Albouy, Geneviève and Darsaud,
		  Annabelle and Desseilles, Martin and Dang-Vu, Thien Thanh
		  and Peigneux, Philippe and Luxen, André and Dijk, Derk-Jan
		  and Maquet, Pierre},
  year		= {2006},
  month		= {09},
  pages		= {1616-21},
  title		= {Daytime Light Exposure Dynamically Enhances Brain
		  Responses},
  volume	= {16},
  journal	= {Current biology : CB},
  doi		= {10.1016/j.cub.2006.06.031}
}

@Article{	  vartanian2015,
  author	= {Vartanian, Garen and Li, Benjamin and Chervenak, Andrew
		  and Walch, Olivia and Pack, Weston and Ala-Laurila, Petri
		  and Wong, Kwoon},
  year		= {2015},
  month		= {05},
  pages		= {},
  title		= {Melatonin Suppression by Light in Humans Is More Sensitive
		  Than Previously Reported},
  volume	= {30},
  journal	= {Journal of Biological Rhythms},
  doi		= {10.1177/0748730415585413}
}

@Article{	  vaughan2002evidence,
  title		= {Evidence for a Circadian Rhythm of Susceptibility to
		  Retinal Light Damage†{\P}},
  author	= {Vaughan, Dana K and Nemke, Jenny L and Fliesler, Steven J
		  and Darrow, Ruth M and Organisciak, Daniel T},
  journal	= {Photochemistry and photobiology},
  volume	= {75},
  number	= {5},
  pages		= {547--553},
  year		= {2002},
  publisher	= {Wiley Online Library}
}

@Misc{		  vigliarolo2019report,
  author	= {Brandon Vigliarolo},
  note		= {[Online; accessed 06-04-2022]},
  title		= {Majority of developers spending half, or less, of their
		  day coding, report finds},
  url		= {https://www.techrepublic.com/article/majority-of-developers-spending-half-or-less-of-their-day-coding-report-finds/},
  year		= {2019}
}

@Article{	  viola2008,
  author	= {Viola, Antoine and James, Lynette and Schlangen, Luc and
		  Dijk, Derk-Jan},
  year		= {2008},
  month		= {09},
  pages		= {297-306},
  title		= {Blue-enriched white light in the workplace improves
		  self-reported alertness, performance and sleep quality},
  volume	= {34},
  journal	= {Scandinavian journal of work, environment \& health},
  doi		= {10.5271/sjweh.1268}
}

@Misc{		  visualstudiotheme2022github,
  author	= {{Microsoft}},
  note		= {[Online; accessed 06-04-2022]},
  title		= {Visual Studio C/++ Theme Github Source Repository},
  url		= {https://github.com/microsoft/vscode-cpptools/},
  year		= {2022}
}

@Misc{		  vs2022thememarket,
  author	= {{Visual Studio Code}},
  note		= {[Online; accessed 06-04-2022]},
  title		= {VS Code themes statistics},
  url		= {https://marketplace.visualstudio.com/search?target=vscode&category=Themes&sortBy=Rating},
  year		= {2022}
}

@Misc{		  vscode2022onedarkpro,
  title		= {One Dark Pro Theme},
  url		= {https://marketplace.visualstudio.com/items?itemName=zhuangtongfa.Material-theme},
  author	= {One Dark Pro authors},
  year		= "2022"
}

@Misc{		  vscode2022visualc,
  title		= {Visual C/C++ Themes},
  url		= {https://marketplace.visualstudio.com/items?itemName=ms-vscode.cpptools-themes},
  author	= {Visual C/C++ Themes authors},
  year		= "2022"
}

@Article{	  wahl2019,
  author	= {Wahl, Siegfried and Engelhardt, Moritz and Schaupp,
		  Patrick and Lappe, Christian and Ivanov, Iliya},
  year		= {2019},
  month		= {08},
  pages		= {},
  title		= {The inner clock ‐ blue light sets the human rhythm},
  volume	= {12},
  journal	= {Journal of Biophotonics},
  doi		= {10.1002/jbio.201900102}
}

@Article{	  webb2006,
  author	= {Webb, Ann},
  year		= {2006},
  month		= {07},
  pages		= {721-727},
  title		= {Considerations for lighting in the built environment:
		  Non-visual effects of light},
  volume	= {38},
  journal	= {Energy and Buildings},
  doi		= {10.1016/j.enbuild.2006.03.004}
}

@Article{	  white1987degree,
  title		= {Degree of light damage to the retina varies with time of
		  day of bright light exposure},
  author	= {White, Mary P and Fisher, Leslie J},
  journal	= {Physiology \& behavior},
  volume	= {39},
  number	= {5},
  pages		= {607--613},
  year		= {1987},
  publisher	= {Elsevier}
}

@Misc{		  wikipedia2005,
  title		= {CIE 1931 color space},
  author	= {Wikipedia},
  year		= 2005,
  url		= {http://en.wikipedia.org/wiki/CIE\_1931\_color\_space},
  urldate	= {2014-02-24}
}

@Misc{		  wikipedia2022monospace,
  author	= {{English Wikipedia contributors}},
  note		= {[Online; accessed 06-04-2022]},
  title		= {List of monospaced typefaces},
  url		= {https://en.wikipedia.org/wiki/List_of_monospaced_typefaces},
  year		= {2022}
}

@Article{	  wolfson1998,
  author	= {Wolfson, Amy and Carskadon, Mary},
  year		= {1998},
  month		= {08},
  pages		= {875-87},
  title		= {Sleep Schedules and Daytime Functioning in Adolescents},
  volume	= {69},
  journal	= {Child development},
  doi		= {10.1111/j.1467-8624.1998.tb06149.x}
}

@InCollection{	  wong2014circadian,
  title		= {Circadian effects on Retinal Light Damage},
  author	= {Wong, Paul and Organisciak, Daniel T and Ziesel, Alison
		  and Chrenek, MA and Patterson, ML},
  booktitle	= {The Retina and Circadian Rhythms},
  pages		= {131--170},
  year		= {2014},
  publisher	= {Springer}
}

@Article{	  wood2012,
  author	= {Wood, Brittany and Rea, Mark and Plitnick, Barbara and
		  Figueiro, Mariana},
  year		= {2012},
  month		= {07},
  pages		= {},
  title		= {Light level and duration of exposure determine the impact
		  of self-luminous tablets on melatonin suppression},
  volume	= {44},
  journal	= {Applied ergonomics},
  doi		= {10.1016/j.apergo.2012.07.008}
}

@Article{	  wright2001,
  author	= {Wright, K. and Hughes, Rod and Kronauer, Richard and Dijk,
		  Derk-Jan and Czeisler, Charles},
  year		= {2001},
  month		= {12},
  pages		= {14027-32},
  title		= {Intrinsic near-24-h pacemaker period determines limits of
		  circadian entrainment to a weak synchronizer in humans},
  volume	= {98},
  journal	= {Proceedings of the National Academy of Sciences of the
		  United States of America},
  doi		= {10.1073/pnas.201530198}
}

@Article{	  xingzhong1987formulas,
  title		= {Formulas for computing correlated color temperature},
  author	= {Xingzhong, Qiu},
  journal	= {Color Research \& Application},
  volume	= {12},
  number	= {5},
  pages		= {285--287},
  year		= {1987},
  publisher	= {Wiley Online Library}
}

@Article{	  yang2014,
  author	= {Shen, Yang and Kuai, Shuguang and Zhou, Weixi and Peng,
		  Sheng and Tian, Mi and Liu, Kangjun and Zhou, Xing-Tao},
  year		= {2014},
  month		= {06},
  pages		= {2073-7},
  title		= {Study of preferred background luminance in watching
		  computer screen in children},
  volume	= {127},
  journal	= {Chinese medical journal},
  doi		= {10.3760/cma.j.issn.0366-6999.20133232}
}

@Misc{		  yegitek,
  title		= "Sayılarla Uzaktan Eğitim",
  url		= "http://yegitek.meb.gov.tr/www/sayilarla-uzaktan-egitim/icerik/3138",
  author	= "meb",
  year		= "2021"
}

@Article{	  yoshimura2017,
  author	= {Yoshimura, Michitaka and Kitazawa, Momoko and Maeda,
		  Yasuhiro and Mimura, Masaru and Tsubota, Kazuo and
		  Kishimoto, Taishiro},
  year		= {2017},
  month		= {03},
  pages		= {59-65},
  title		= {Smartphone viewing distance and sleep: An experimental
		  study utilizing motion capture technology},
  volume	= {Volume 9},
  journal	= {Nature and Science of Sleep},
  doi		= {10.2147/NSS.S123319}
}

@Article{	  zeitzer2011,
  author	= {Zeitzer, Jamie and Ruby, Norman and Fisicaro, Ryan and
		  Heller, Craig},
  year		= {2011},
  month		= {07},
  pages		= {e22078},
  title		= {Response of the Human Circadian System to Millisecond
		  Flashes of Light},
  volume	= {6},
  journal	= {PloS one},
  doi		= {10.1371/journal.pone.0022078}
}

@Article{	  zhao2018,
  author	= {Zhao, Z.-C and Zhou, Y. and Tan, G. and Li, J.},
  year		= {2018},
  month		= {12},
  pages		= {1999-2003},
  title		= {Research progress about the effect and prevention of blue
		  light on eyes},
  volume	= {11},
  journal	= {International Journal of Ophthalmology},
  doi		= {10.18240/ijo.2018.12.20}
}

@Article{	  zimmerman2005children,
  title		= {Children’s television viewing and cognitive outcomes: a
		  longitudinal analysis of national data},
  author	= {Zimmerman, Frederick J and Christakis, Dimitri A},
  journal	= {Archives of pediatrics \& adolescent medicine},
  volume	= {159},
  number	= {7},
  pages		= {619--625},
  year		= {2005},
  publisher	= {American Medical Association}
}

@Misc{            Oktas_Code_CCT_2022,
  author        = {Oktaş, Recai and Şenyer, Nurettin and Odabas, Mustafa Serhat},
  license       = {["GPL-3.0-or-later"]},
  month         = {4},
  title         = {{Code CCT}},
  year          = {2022}
}
